<record><leader>00000cas a22000007a 4500</leader><controlfield tag="001">18096246</controlfield><controlfield tag="008">880616d19671971ohudn ne      0    0eng d</controlfield><datafield ind1=" " ind2=" " tag="010"><subfield code="a">sn 88078627 </subfield></datafield><datafield ind1=" " ind2=" " tag="040"><subfield code="a">ONP</subfield><subfield code="b">eng</subfield><subfield code="c">ONP</subfield><subfield code="d">OCLCQ</subfield></datafield><datafield ind1=" " ind2=" " tag="042"><subfield code="a">msc</subfield></datafield><datafield ind1="0" ind2=" " tag="130"><subfield code="a">Medina County gazette (Medina, Ohio : 1967)</subfield></datafield><datafield ind1="1" ind2="0" tag="245"><subfield code="a">Medina County gazette.</subfield></datafield><datafield ind1=" " ind2=" " tag="260"><subfield code="a">Medina, Ohio :</subfield><subfield code="b">Medina County Publications,</subfield><subfield code="c">-1971.</subfield></datafield><datafield ind1=" " ind2=" " tag="300"><subfield code="a">v.</subfield></datafield><datafield ind1=" " ind2=" " tag="310"><subfield code="a">Daily (except Sun.)</subfield></datafield><datafield ind1="1" ind2=" " tag="362"><subfield code="a">Began with May 15, 1967 issue.</subfield></datafield><datafield ind1="0" ind2=" " tag="362"><subfield code="a">-139th year, no. 129 (June 2, 1971).</subfield></datafield><datafield ind1=" " ind2=" " tag="588"><subfield code="a">Description based on: 139th year, no. 44 (Feb. 22, 1971).</subfield></datafield><datafield ind1=" " ind2="4" tag="651"><subfield code="a">Medina (Ohio)</subfield><subfield code="v">Newspapers.</subfield></datafield><datafield ind1=" " ind2="4" tag="651"><subfield code="a">Medina County (Ohio)</subfield><subfield code="v">Newspapers.</subfield></datafield><datafield ind1=" " ind2=" " tag="752"><subfield code="a">United States</subfield><subfield code="b">Ohio</subfield><subfield code="c">Medina</subfield><subfield code="d">Medina.</subfield></datafield><datafield ind1="0" ind2="0" tag="780"><subfield code="t">Medina County gazette and leader post</subfield></datafield><datafield ind1="0" ind2="0" tag="785"><subfield code="t">Gazette (Medina, Ohio)</subfield><subfield code="w">(DLC)sn 84028269</subfield></datafield></record>